<marcx:record xmlns:marcx="info:lc/xmlns/marcxchange-v1">
    <marcx:leader>000000000000000000000000</marcx:leader>
    <marcx:datafield tag="001" ind1="0" ind2="0">
        <marcx:subfield code="a">80593856</marcx:subfield>
        <marcx:subfield code="b">870971</marcx:subfield>
        <marcx:subfield code="c">19920916</marcx:subfield>
        <marcx:subfield code="d">19920910</marcx:subfield>
        <marcx:subfield code="f">a</marcx:subfield>
        <marcx:subfield code="o">c</marcx:subfield>
    </marcx:datafield>
    <marcx:datafield tag="004" ind1="0" ind2="0">
        <marcx:subfield code="r">n</marcx:subfield>
        <marcx:subfield code="a">i</marcx:subfield>
    </marcx:datafield>
    <marcx:datafield tag="008" ind1="0" ind2="0">
        <marcx:subfield code="t">a</marcx:subfield>
        <marcx:subfield code="u">f</marcx:subfield>
        <marcx:subfield code="a">1991</marcx:subfield>
        <marcx:subfield code="b">dk</marcx:subfield>
        <marcx:subfield code="l">dan</marcx:subfield>
        <marcx:subfield code="r">ap</marcx:subfield>
        <marcx:subfield code="v">0</marcx:subfield>
    </marcx:datafield>
    <marcx:datafield tag="009" ind1="0" ind2="0">
        <marcx:subfield code="a">a</marcx:subfield>
        <marcx:subfield code="g">xx</marcx:subfield>
    </marcx:datafield>
    <marcx:datafield tag="016" ind1="0" ind2="0">
        <marcx:subfield code="a">05723620</marcx:subfield>
    </marcx:datafield>
    <marcx:datafield tag="032" ind1="0" ind2="0">
        <marcx:subfield code="a">ABU199238</marcx:subfield>
        <marcx:subfield code="a">DAR199209</marcx:subfield>
    </marcx:datafield>
    <marcx:datafield tag="086" ind1="0" ind2="0">
        <marcx:subfield code="a">Stilistik i alm.</marcx:subfield>
    </marcx:datafield>
    <marcx:datafield tag="245" ind1="0" ind2="0">
        <marcx:subfield code="a">Nye retninger i tekstanalysen</marcx:subfield>
        <marcx:subfield code="b">continues</marcx:subfield>
        <marcx:subfield code="c">Nogle henvisninger</marcx:subfield>
    </marcx:datafield>
    <marcx:datafield tag="300" ind1="0" ind2="0">
        <marcx:subfield code="a">S. 5-11</marcx:subfield>
    </marcx:datafield>
    <marcx:datafield tag="440" ind1="0" ind2="0">
        <marcx:subfield code="a">Har du en model?</marcx:subfield>
    </marcx:datafield>
    <marcx:datafield tag="557" ind1="0" ind2="0">
        <marcx:subfield code="a">Dansk noter</marcx:subfield>
        <marcx:subfield code="j">1991</marcx:subfield>
        <marcx:subfield code="z">0107-1424</marcx:subfield>
        <marcx:subfield code="V">1991, nr. 0001</marcx:subfield>
        <marcx:subfield code="v">1991, nr. 1</marcx:subfield>
    </marcx:datafield>
    <marcx:datafield tag="630" ind1="0" ind2="0">
        <marcx:subfield code="f">tekstanalyse</marcx:subfield>
        <marcx:subfield code="2">ARTB</marcx:subfield>
    </marcx:datafield>
    <marcx:datafield tag="630" ind1="0" ind2="0">
        <marcx:subfield code="f">stilistik</marcx:subfield>
        <marcx:subfield code="2">ARTB</marcx:subfield>
    </marcx:datafield>
    <marcx:datafield tag="630" ind1="0" ind2="0">
        <marcx:subfield code="f">litterær stilistik</marcx:subfield>
        <marcx:subfield code="2">ARTB</marcx:subfield>
    </marcx:datafield>
    <marcx:datafield tag="652" ind1="0" ind2="0">
        <marcx:subfield code="m">80.15</marcx:subfield>
    </marcx:datafield>
    <marcx:datafield tag="700" ind1="0" ind2="0">
        <marcx:subfield code="a">Østergꜳrd</marcx:subfield>
        <marcx:subfield code="h">Anders</marcx:subfield>
    </marcx:datafield>
    <marcx:datafield tag="700" ind1="0" ind2="0">
        <marcx:subfield code="a">Hannah</marcx:subfield>
        <marcx:subfield code="h">Montana</marcx:subfield>
    </marcx:datafield>
    <marcx:datafield tag="s10" ind1="0" ind2="0">
        <marcx:subfield code="a">IDX</marcx:subfield>
    </marcx:datafield>
</marcx:record>